@misc{Xu_2008, 
	title={Looking at the Surprise: Bottom-Up Attentional Control of an Active Camera System}, 
	url = {https://www.researchgate.net/publication/221144241\_Looking\_at\_the\newline\_Surprise\_Bottom\-Up\_Attentional\_Control\_of\_an\_Active\_Camera\_System}, 
	journal={researchgate}, 
	publisher={researchgate}, 
	author={Xu, Tingting and Mühlbauer, Quirin and Sosnowski, Stefan}, 
	year={2008}, month={Nov} }
@article{Gao_Vasconcelos_2007, 
	title={Bottom-up saliency is a discriminant process}, ISBN={9781424416301}, 
	url={https://ieeexplore.ieee.org/abstract/document/4408851}, DOI={10.1109/iccv.2007.4408851}, 
	journal={2007 IEEE 11th International Conference on Computer Vision}, 
	author={Gao, Dashan and Vasconcelos, Nuno}, year={2007} }
@article{Itti_Koch_1998, 
	title={A model of saliency-based visual attention for rapid scene analysis}, 
	volume={20}, DOI={10.1109/34.730558}, number={11}, 
	journal={IEEE Transactions on Pattern Analysis and Machine Intelligence}, 
	author={Itti, L. and Koch, C. and Niebur, E.}, 
	year={1998}, 
	pages={1254–1259} }
‌@article{Gao_Vasconcelos_2008, 
	title={On the plausibility of the discriminant center-surround hypothesis for visual saliency}, 
	volume={8}, 
	url={https://jov.arvojournals.org/article.aspx?articleid=2193585}, 
	DOI={10.1167/8.7.13}, number={7}, journal={Journal of Vision}, 
	author={Gao, Dashan and Mahadevan, Vijay and Vasconcelos, Nuno}, 
	year={2008}, month={Jun}, pages={13} }
@misc{MITBenchmark_2012, 
	url={http://saliency.mit.edu/results\_mit300.html}, 
	journal={Mit.edu}, year={2012} }

‌